@misc{WikipediaCLT,
    title = {Central limit theorem},
    howpublished = {\url{https://en.wikipedia.org/wiki/Central_limit_theorem}},
    note = {Accessed: 2020-04-29}
}

@misc{WikipediaGaussian,
  title = {Normal distribution},
  howpublished = {\url{https://en.wikipedia.org/wiki/Normal_distribution}},
  note = {Accessed: 2020-04-19}
}

@misc{WikipediaChi,
    title = {Chi-squared distribution},
    howpublished = {\url{https://en.wikipedia.org/wiki/Chi-squared_distribution}},
    note = {Accessed: 2020-04-28}
}


@misc{WikipediaGamma,
    title = {Gamma distribution},
    howpublished = {\url{https://en.wikipedia.org/wiki/Gamma_distribution}},
    note = {Accessed: 2020-04-29}
}
@book{Myrvoll2020,
  title = {Estimation, Detection and Classification Theory},
  author = {Myrvoll, Tor A. and Werner, Stefan and Johnsen, Magne H.},
  year = {2020}
}

@misc{}
